@article{greydanus.s:2017,
  title={Learning the Enigma with Recurrent Neural Networks},
  author={Greydanus, Sam},
  journal={arXiv preprint arXiv:1708.07576},
  year={2017}
}

@article{goldberg.y:2017,
  title={Neural Network Methods for Natural Language Processing},
  author={Goldberg, Yoav},
  journal={Synthesis Lectures on Human Language Technologies},
  volume={10},
  number={1},
  pages={1--309},
  year={2017},
  publisher={Morgan \& Claypool Publishers}
}